<record><leader>00000cas a2200000 a 4500</leader><controlfield tag="001">11416187</controlfield><controlfield tag="008">841123c19819999nyuwr ne      0   a0eng c</controlfield><datafield ind1=" " ind2=" " tag="010"><subfield code="a">sn 84004499 </subfield></datafield><datafield ind1=" " ind2=" " tag="040"><subfield code="a">NSD</subfield><subfield code="b">eng</subfield><subfield code="c">NSD</subfield><subfield code="d">NYS</subfield><subfield code="d">OCLCQ</subfield><subfield code="d">OCLCF</subfield><subfield code="d">OCLCO</subfield></datafield><datafield ind1=" " ind2=" " tag="012"><subfield code="j">0</subfield><subfield code="m">X</subfield></datafield><datafield ind1="1" ind2=" " tag="022"><subfield code="a">8750-4499</subfield><subfield code="l">8750-4499</subfield><subfield code="2">1</subfield></datafield><datafield ind1="1" ind2=" " tag="029"><subfield code="a">AU@</subfield><subfield code="b">000020347752</subfield></datafield><datafield ind1=" " ind2=" " tag="032"><subfield code="a">730390</subfield><subfield code="b">USPS</subfield></datafield><datafield ind1=" " ind2=" " tag="037"><subfield code="b">Bronx Times Reporter, Inc., 1111 Calhoun Ave., Bronx, New York 10465</subfield></datafield><datafield ind1=" " ind2=" " tag="042"><subfield code="a">nsdp</subfield><subfield code="a">pcc</subfield></datafield><datafield ind1=" " ind2=" " tag="043"><subfield code="a">n-us-ny</subfield></datafield><datafield ind1="0" ind2=" " tag="130"><subfield code="a">Bronx times reporter (Bronx, New York, N.Y. : Throggs Neck/Pelham Bay ed.)</subfield></datafield><datafield ind1=" " ind2="0" tag="222"><subfield code="a">Bronx times reporter</subfield><subfield code="b">(Throggs Neck/Pelham Bay ed.)</subfield></datafield><datafield ind1="1" ind2="0" tag="245"><subfield code="a">Bronx times reporter.</subfield></datafield><datafield ind1=" " ind2=" " tag="250"><subfield code="a">[Throggs Neck/Pelham Bay ed.].</subfield></datafield><datafield ind1=" " ind2=" " tag="260"><subfield code="a">Bronx, N.Y. :</subfield><subfield code="b">ACB Pub.,</subfield><subfield code="c">1981-</subfield></datafield><datafield ind1=" " ind2=" " tag="300"><subfield code="a">v. :</subfield><subfield code="b">ill. ;</subfield><subfield code="c">45 cm.</subfield></datafield><datafield ind1=" " ind2=" " tag="310"><subfield code="a">Weekly,</subfield><subfield code="b">Aug. 31, 1989-</subfield></datafield><datafield ind1=" " ind2=" " tag="321"><subfield code="a">Biweekly,</subfield><subfield code="b">Jan. 26/Feb. 8, 1984-Aug. 17/30, 1989</subfield></datafield><datafield ind1=" " ind2=" " tag="321"><subfield code="a">Monthly,</subfield><subfield code="b">June 1981-Dec. 1983</subfield></datafield><datafield ind1="0" ind2=" " tag="362"><subfield code="a">Vol. 1, no. 1 (June 1981)-</subfield></datafield><datafield ind1=" " ind2=" " tag="500"><subfield code="a">Issues for &lt;Oct. 5, 1989-&gt; called: Throggs Neck/Pelham Bay ed.</subfield></datafield><datafield ind1=" " ind2=" " tag="500"><subfield code="a">Published by: Bronx Times Reporter, Inc., &lt;Jan. 9/22, 1986-&gt;</subfield></datafield><datafield ind1=" " ind2=" " tag="500"><subfield code="a">Founded in 1981 by Michael Benedetto and John Collazi.</subfield></datafield><datafield ind1="8" ind2=" " tag="521"><subfield code="a">"Serving Throggs Neck, Waterbury-Lasalle, Pelham Bay, Country Club, Spencer Estate, Edgewater Park, Silver Beach, Locust Point."</subfield></datafield><datafield ind1=" " ind2=" " tag="588"><subfield code="a">Latest issue consulted: Vol. 22, no. 5 (Jan. 31-Feb. 6, 2002).</subfield></datafield><datafield ind1=" " ind2="0" tag="651"><subfield code="a">Bronx (New York, N.Y.)</subfield><subfield code="v">Newspapers.</subfield></datafield><datafield ind1=" " ind2="0" tag="651"><subfield code="a">Bronx County (N.Y.)</subfield><subfield code="v">Newspapers.</subfield></datafield><datafield ind1=" " ind2="0" tag="651"><subfield code="a">New York (N.Y.)</subfield><subfield code="v">Newspapers.</subfield></datafield><datafield ind1=" " ind2="7" tag="655"><subfield code="a">Newspapers.</subfield><subfield code="2">fast</subfield><subfield code="0">(OCoLC)fst01423814</subfield></datafield><datafield ind1=" " ind2="7" tag="651"><subfield code="a">New York (State)</subfield><subfield code="z">Bronx County.</subfield><subfield code="2">fast</subfield><subfield code="0">(OCoLC)fst01246823</subfield></datafield><datafield ind1=" " ind2="7" tag="651"><subfield code="a">New York (State)</subfield><subfield code="z">New York.</subfield><subfield code="2">fast</subfield><subfield code="0">(OCoLC)fst01204333</subfield></datafield><datafield ind1=" " ind2="7" tag="651"><subfield code="a">New York (State)</subfield><subfield code="z">New York</subfield><subfield code="z">Bronx.</subfield><subfield code="2">fast</subfield><subfield code="0">(OCoLC)fst01313050</subfield></datafield><datafield ind1=" " ind2=" " tag="752"><subfield code="a">United States</subfield><subfield code="b">New York</subfield><subfield code="c">Bronx</subfield><subfield code="d">Bronx.</subfield></datafield><datafield ind1=" " ind2=" " tag="752"><subfield code="a">United States</subfield><subfield code="b">New York</subfield><subfield code="d">New York.</subfield></datafield><datafield ind1="0" ind2=" " tag="775"><subfield code="t">Bronx times reporter (Bronx, New York, N.Y. : Morris Park/Pelham Parkway ed.)</subfield><subfield code="x">1046-9737</subfield><subfield code="w">(DLC)sn 89003458</subfield><subfield code="w">(OCoLC)20575143</subfield></datafield><datafield ind1="0" ind2=" " tag="775"><subfield code="t">Bronx times reporter (Bronx, New York, N.Y. : Castle Hill/Soundview ed.)</subfield><subfield code="x">1046-9729</subfield><subfield code="w">(DLC)sn 89003460</subfield><subfield code="w">(OCoLC)20575242</subfield></datafield></record>